@article{badrinarayanan2017segnet,
  title={Segnet: A deep convolutional encoder-decoder architecture for image segmentation},
  author={Badrinarayanan, Vijay and Kendall, Alex and Cipolla, Roberto},
  journal={IEEE transactions on pattern analysis and machine intelligence},
  volume={39},
  number={12},
  pages={2481--2495},
  year={2017},
  publisher={IEEE}
}

@article{barzilai1988two,
  title={Two-point step size gradient methods},
  author={Barzilai, Jonathan and Borwein, Jonathan M},
  journal={IMA journal of numerical analysis},
  volume={8},
  number={1},
  pages={141--148},
  year={1988},
  publisher={Oxford University Press}
}

@book{bertsekas1999nonlinear,
  title={Nonlinear programming},
  author={Bertsekas, Dimitri P},
  year={1999},
  publisher={Athena scientific Belmont}
}

@book{boyd2004convex,
  title={Convex optimization},
  author={Boyd, Stephen and Vandenberghe, Lieven},
  year={2004},
  publisher={Cambridge university press}
}

@article{boyd2005least,
  title={Least-squares covariance matrix adjustment},
  author={Boyd, Stephen and Xiao, Lin},
  journal={SIAM Journal on Matrix Analysis and Applications},
  volume={27},
  number={2},
  pages={532--546},
  year={2005},
  publisher={SIAM}
}

@article{bunch1978rank,
  title={Rank-one modification of the symmetric eigenproblem},
  author={Bunch, James R and Nielsen, Christopher P and Sorensen, Danny C},
  journal={Numerische Mathematik},
  volume={31},
  number={1},
  pages={31--48},
  year={1978},
  publisher={Springer}
}

@article{CC01a,
 author = {Chang, Chih-Chung and Lin, Chih-Jen},
 title = {{LIBSVM}: A library for support vector machines},
 journal = {ACM Transactions on Intelligent Systems and Technology},
 volume = {2},
 issue = {3},
 year = {2011},
 pages = {27:1--27:27},
 note = {Software available at \url{http://www.csie.ntu.edu.tw/~cjlin/libsvm}}
}

@article{cheng1995mean,
  title={Mean shift, mode seeking, and clustering},
  author={Cheng, Yizong},
  journal={IEEE transactions on pattern analysis and machine intelligence},
  volume={17},
  number={8},
  pages={790--799},
  year={1995},
  publisher={IEEE}
}

@inproceedings{comaniciu1999mean,
  title={Mean shift analysis and applications},
  author={Comaniciu, Dorin and Meer, Peter},
  booktitle={Proceedings of the Seventh IEEE International Conference on Computer Vision},
  volume={2},
  pages={1197--1203},
  year={1999},
  organization={IEEE}
}

@article{comaniciu2002mean,
  title={Mean shift: A robust approach toward feature space analysis},
  author={Comaniciu, Dorin and Meer, Peter},
  journal={IEEE Transactions on pattern analysis and machine intelligence},
  volume={24},
  number={5},
  pages={603--619},
  year={2002},
  publisher={IEEE}
}

@inproceedings{davis2007information,
  title={Information-theoretic metric learning},
  author={Davis, Jason V and Kulis, Brian and Jain, Prateek and Sra, Suvrit and Dhillon, Inderjit S},
  booktitle={Proceedings of the 24th international conference on Machine learning},
  pages={209--216},
  year={2007},
  organization={ACM}
}

@article{duy2020parametric,
  title={Parametric Programming Approach for Powerful Lasso Selective Inference without Conditioning on Signs},
  author={Duy, Vo Nguyen Le and Takeuchi, Ichiro},
  journal={arXiv preprint arXiv:2004.09749},
  year={2020}
}

@article{fercoq2015mind,
  title={Mind the duality gap: safer rules for the lasso},
  author={Fercoq, Olivier and Gramfort, Alexandre and Salmon, Joseph},
  journal={arXiv preprint arXiv:1505.03410},
  year={2015}
}

@article{fukunaga1975estimation,
  title={The estimation of the gradient of a density function, with applications in pattern recognition},
  author={Fukunaga, Keinosuke and Hostetler, Larry},
  journal={IEEE Transactions on information theory},
  volume={21},
  number={1},
  pages={32--40},
  year={1975},
  publisher={IEEE}
}

@article{ghaoui2010safe,
  title={Safe feature elimination for the lasso and sparse supervised learning problems},
  author={Ghaoui, Laurent El and Viallon, Vivian and Rabbani, Tarek},
  journal={arXiv preprint arXiv:1009.4219},
  year={2010}
}

@book{goodfellow2016deep,
  title={Deep learning},
  author={Goodfellow, Ian and Bengio, Yoshua and Courville, Aaron},
  year={2016},
  publisher={MIT press}
}

@inproceedings{hocking2011clusterpath,
  title={Clusterpath an algorithm for clustering using convex fusion penalties},
  author={Hocking, Toby Dylan and Joulin, Armand and Bach, Francis and Vert, Jean-Philippe},
  year={2011}
}

@article{kulis2013metric,
  title={Metric learning: A survey},
  author={Kulis, Brian and others},
  journal={Foundations and Trends{\textregistered} in Machine Learning},
  volume={5},
  number={4},
  pages={287--364},
  year={2013},
  publisher={Now Publishers, Inc.}
}

@article{lecun1998gradient,
  title={Gradient-based learning applied to document recognition},
  author={LeCun, Yann and Bottou, L{\'e}on and Bengio, Yoshua and Haffner, Patrick},
  journal={Proceedings of the IEEE},
  volume={86},
  number={11},
  pages={2278--2324},
  year={1998},
  publisher={Ieee}
}

@article{lee2016exact,
  title={Exact post-selection inference, with application to the lasso},
  author={Lee, Jason D and Sun, Dennis L and Sun, Yuekai and Taylor, Jonathan E and others},
  journal={The Annals of Statistics},
  volume={44},
  number={3},
  pages={907--927},
  year={2016},
  publisher={Institute of Mathematical Statistics}
}

@article{ma2002automated,
  title={Automated image segmentation using pulse coupled neural networks and image's entropy},
  author={Ma, Yi-De and Dai, Ruo-lan and Li, Lian},
  journal={JOURNAL-CHINA INSTITUTE OF COMMUNICATIONS},
  volume={23},
  number={1},
  pages={46--51},
  year={2002},
  publisher={PEOPLE'S POSTS AND TELECOMMUNICATIONS PUBLISHING}
}

@article{malick2004dual,
  title={A dual approach to semidefinite least-squares problems},
  author={Malick, J{\'e}r{\^o}me},
  journal={SIAM Journal on Matrix Analysis and Applications},
  volume={26},
  number={1},
  pages={272--284},
  year={2004},
  publisher={SIAM}
}

@article{malladi1995shape,
  title={Shape modeling with front propagation: A level set approach},
  author={Malladi, Ravi and Sethian, James A and Vemuri, Baba C},
  journal={IEEE transactions on pattern analysis and machine intelligence},
  volume={17},
  number={2},
  pages={158--175},
  year={1995},
  publisher={IEEE}
}

@inproceedings{ogawa2013safe,
  title={Safe screening of non-support vectors in pathwise SVM computation},
  author={Ogawa, Kohei and Suzuki, Yoshiki and Takeuchi, Ichiro},
  booktitle={Proceedings of the 30th International Conference on Machine Learning (ICML-13)},
  pages={1382--1390},
  year={2013}
}

@book{osher2003geometric,
  title={Geometric level set methods in imaging, vision, and graphics},
  author={Osher, Stanley and Paragios, Nikos},
  year={2003},
  publisher={Springer Science \& Business Media}
}

@inproceedings{parameswaran2010large,
  title={Large margin multi-task metric learning},
  author={Parameswaran, Shibin and Weinberger, Kilian Q},
  booktitle={Advances in neural information processing systems},
  pages={1867--1875},
  year={2010}
}

@inproceedings{paris2007topological,
  title={A topological approach to hierarchical segmentation using mean shift},
  author={Paris, Sylvain and Durand, Fr{\'e}do},
  booktitle={2007 IEEE Conference on Computer Vision and Pattern Recognition},
  pages={1--8},
  year={2007},
  organization={IEEE}
}

@article{pham2000current,
  title={Current methods in medical image segmentation},
  author={Pham, Dzung L and Xu, Chenyang and Prince, Jerry L},
  journal={Annual review of biomedical engineering},
  volume={2},
  number={1},
  pages={315--337},
  year={2000},
  publisher={Annual Reviews 4139 El Camino Way, PO Box 10139, Palo Alto, CA 94303-0139, USA}
}

@inproceedings{schultz2004learning,
  title={Learning a distance metric from relative comparisons},
  author={Schultz, Matthew and Joachims, Thorsten},
  booktitle={Advances in neural information processing systems},
  pages={41--48},
  year={2004}
}

@book{sethian1999level,
  title={Level set methods and fast marching methods: evolving interfaces in computational geometry, fluid mechanics, computer vision, and materials science},
  author={Sethian, James Albert},
  volume={3},
  year={1999},
  publisher={Cambridge university press}
}

@inproceedings{shalev2004online,
  title={Online and batch learning of pseudo-metrics},
  author={Shalev-Shwartz, Shai and Singer, Yoram and Ng, Andrew Y},
  booktitle={Proceedings of the twenty-first international conference on Machine learning},
  pages={94},
  year={2004},
  organization={ACM}
}

@article{shen2014efficient,
  title={Efficient dual approach to distance metric learning},
  author={Shen, Chunhua and Kim, Junae and Liu, Fayao and Wang, Lei and Van Den Hengel, Anton},
  journal={IEEE transactions on neural networks and learning systems},
  volume={25},
  number={2},
  pages={394--406},
  year={2014},
  publisher={IEEE}
}

@inproceedings{shibagaki2015regularization,
  title={Regularization path of cross-validation error lower bounds},
  author={Shibagaki, Atsushi and Suzuki, Yoshiki and Karasuyama, Masayuki and Takeuchi, Ichiro},
  booktitle={Advances in Neural Information Processing Systems},
  pages={1675--1683},
  year={2015}
}

@inproceedings{shibagaki2016simultaneous,
  title={Simultaneous safe screening of features and samples in doubly sparse modeling},
  author={Shibagaki, Atsushi and Karasuyama, Masayuki and Hatano, Kohei and Takeuchi, Ichiro},
  booktitle={International Conference on Machine Learning},
  pages={1577--1586},
  year={2016}
}

@article{vincent1991watersheds,
  title={Watersheds in digital spaces: an efficient algorithm based on immersion simulations},
  author={Vincent, Luc and Soille, Pierre},
  journal={IEEE Transactions on Pattern Analysis \& Machine Intelligence},
  number={6},
  pages={583--598},
  year={1991},
  publisher={IEEE}
}

@inproceedings{wang2014scaling,
  title={Scaling SVM and least absolute deviations via exact data reduction},
  author={Wang, Jie and Wonka, Peter and Ye, Jieping},
  booktitle={International Conference on Machine Learning},
  pages={523--531},
  year={2014}
}

@article{weinberger2009distance,
  title={Distance metric learning for large margin nearest neighbor classification},
  author={Weinberger, Kilian Q and Saul, Lawrence K},
  journal={Journal of Machine Learning Research},
  volume={10},
  number={Feb},
  pages={207--244},
  year={2009}
}

@inproceedings{xing2003distance,
  title={Distance metric learning with application to clustering with side-information},
  author={Xing, Eric P and Jordan, Michael I and Russell, Stuart J and Ng, Andrew Y},
  booktitle={Advances in neural information processing systems},
  pages={521--528},
  year={2003}
}

@article{yang1993conjugate,
  title={Conjugate gradient methods for the Rayleigh quotient minimization of generalized eigenvalue problems},
  author={Yang, H},
  journal={Computing},
  volume={51},
  number={1},
  pages={79--94},
  year={1993},
  publisher={Springer}
}

@inproceedings{zimmert2015safe,
  title={Safe screening for support vector machines},
  author={Zimmert, Julian and de Witt, Christian Schroeder and Kerg, Giancarlo and Kloft, Marius},
  booktitle={NIPS 2015 Workshop on Optimization in Machine Learning (OPT)},
  year={2015}
}

@article{hartigan1979ak,
  title={AK-means clustering algorithm},
  author={Hartigan, John A and Wong, Manchek A},
  journal={Journal of the Royal Statistical Society: Series C (Applied Statistics)},
  volume={28},
  number={1},
  pages={100--108},
  year={1979},
  publisher={Wiley Online Library}
}

@article{ward1963hierarchical,
  title={Hierarchical grouping to optimize an objective function},
  author={Ward Jr, Joe H},
  journal={Journal of the American statistical association},
  volume={58},
  number={301},
  pages={236--244},
  year={1963},
  publisher={Taylor \& Francis Group}
}

@article{murtagh2014ward,
  title={Ward’s hierarchical agglomerative clustering method: which algorithms implement Ward’s criterion?},
  author={Murtagh, Fionn and Legendre, Pierre},
  journal={Journal of classification},
  volume={31},
  number={3},
  pages={274--295},
  year={2014},
  publisher={Springer}
}

@article{loftus2015selective,
  title={Selective inference in regression models with groups of variables},
  author={Loftus, Joshua R and Taylor, Jonathan E},
  journal={arXiv preprint arXiv:1511.01478},
  year={2015}
}

@article{chen2020valid,
  title={Valid inference corrected for outlier removal},
  author={Chen, Shuxiao and Bien, Jacob},
  journal={Journal of Computational and Graphical Statistics},
  volume={29},
  number={2},
  pages={323--334},
  year={2020},
  publisher={Taylor \& Francis}
}

@article{tibshirani2011solution,
  title={The solution path of the generalized lasso},
  author={Tibshirani, Ryan J and Taylor, Jonathan and others},
  journal={The annals of statistics},
  volume={39},
  number={3},
  pages={1335--1371},
  year={2011},
  publisher={Institute of Mathematical Statistics}
}

@article{tibshirani2005sparsity,
  title={Sparsity and smoothness via the fused lasso},
  author={Tibshirani, Robert and Saunders, Michael and Rosset, Saharon and Zhu, Ji and Knight, Keith},
  journal={Journal of the Royal Statistical Society: Series B (Statistical Methodology)},
  volume={67},
  number={1},
  pages={91--108},
  year={2005},
  publisher={Wiley Online Library}
}

@article{yuan2006model,
  title={Model selection and estimation in regression with grouped variables},
  author={Yuan, Ming and Lin, Yi},
  journal={Journal of the Royal Statistical Society: Series B (Statistical Methodology)},
  volume={68},
  number={1},
  pages={49--67},
  year={2006},
  publisher={Wiley Online Library}
}

@article{kim2009ell_1,
  title={$\backslash$ell\_1 trend filtering},
  author={Kim, Seung-Jean and Koh, Kwangmoo and Boyd, Stephen and Gorinevsky, Dimitry},
  journal={SIAM review},
  volume={51},
  number={2},
  pages={339--360},
  year={2009},
  publisher={SIAM}
}

@misc{asuncion2007uci,
  title={UCI machine learning repository},
  author={Asuncion, Arthur and Newman, David},
  year={2007},
  publisher={Irvine, CA, USA}
}

@book{川野秀一2018スパース推定法による統計モデリング,
  title={スパース推定法による統計モデリング},
  author={川野秀一 and 松井秀俊 and 広瀬慧},
  year={2018},
  publisher={Ky{\=o}ritsu Shuppan}
}