@book{Williams2006,
  title     = {Gaussian Processes for Machine Learning},
  author    = {Williams, C.K. and Rasmussen, C.E.},
  volume    = {2},
  publisher = {MIT press Cambridge},
  address   = {MA},
  year      = {2006}
}

@inbook{Rasmussen2006,
  title     = {Global optimization with Gaussian processes},
  author    = {Rasmussen, C.E. and Williams, C.K.},
  booktitle = {Gaussian Processes in Machine Learning},
  year      = {2006}
}

@article{Mockus1989,
  title   = {On the global optimization of expensive functions using the most probable improvement criterion},
  author  = {Mockus, J.},
  journal = {Journal of Optimization Theory and Applications},
  volume  = {61},
  number  = {3},
  pages   = {607--618},
  year    = {1989}
}
